@online{ThefutureofLinuxContainers,
  author  = {Solomon Hykes},
  title   = {The future of Linux Containers},
  year    = {2013},
  url     = {https://www.youtube.com/watch?v=wW9CAH9nSLs},
  note    = "[Online; accessed 16-Dec-2023]",
  eventdate = {2023-12-16},
}

%% inproceedings
@inproceeding{Javed2021,
  author = {Javed, Omar and Toor, Salman},
  title = {{An Evaluation of Container Security Vulnerability Detection Tools}},
  booktitle = {ACM International Conference Proceeding Series},
  doi = {10.1145/3481646.3481661},
  isbn = {9781450390408},
  keywords = {Additional Key Words and Phrases: Security Tools,Docker Containers,Empirical Studies,Mining Software Repositories,Software Vulnerabilities},
  pages = {95--101},
  publisher = {Association for Computing Machinery},
  year = {2021}
}

@article{VulnerabilityAnalysisof2500DockerHubImages,
  author       = {Katrine Wist and Malene Helsem and Danilo Gligoroski},
  title        = {Vulnerability Analysis of 2500 Docker Hub Images},
  journal      = {CoRR},
  volume       = {abs/2006.02932},
  year         = {2020},
  month        = {6},
  url          = {http://arxiv.org/abs/2006.02932},
  eprinttype   = {arXiv},
  eprint       = {2006.02932},
  timestamp    = {Mon, 08 Jun 2020 15:48:39 +0200},
  biburl       = {https://dblp.org/rec/journals/corr/abs-2006-02932.bib},
  bibsource    = {dblp computer science bibliography, https://dblp.org}
}

inproceedings
@inproceeding{UBCIS,
  author = {Shay Berkovich and Jeffrey Kam and Glenn Wurster},
  title = {{UBCIS}: Ultimate Benchmark for Container Image Scanning},
  booktitle = {13th USENIX Workshop on Cyber Security Experimentation and Test (CSET 20)},
  year = {2020},
  url = {https://www.usenix.org/conference/cset20/presentation/berkovich},
  publisher = {USENIX Association},
  month = aug,
  pages = {256934}
}

@article{Mills2023,
   author = {Alan Mills and Jonathan White and Phil Legg},
   doi = {10.1016/j.cose.2023.103478},
   issn = {01674048},
   journal = {Computers \& Security},
   month = {12},
   note = {6 farklı imaj tarama aracı ile 3 ayrı zamanda taramalar yapılarak değerlendirme yapılmıştır.aynı zafiyet için en yüksek zafiyet seçilmiştir.},
   pages = {103478},
   publisher = {Elsevier BV},
   title = {Longitudinal Risk-based Security Assessment of Docker Software Container Images},
   year = {2023},
}

@article{Varun2023,
   author = {M. Varun and R. Kalaiselvi and Shruthi Ravisankar and Dharanipriya Ravindran},
   doi = {10.1109/ICAECA56562.2023.10200828},
   isbn = {9798350306811},
   journal = {2nd International Conference on Advancements in Electrical, Electronics, Communication, Computing and Automation, ICAECA 2023},
   publisher = {Institute of Electrical and Electronics Engineers Inc.},
   title = {Enhancing the Container Image Scanning Tool - GRYPE},
   url = {https://ieeexplore.ieee.org/document/10200828},
   year = {2023},
}

@online{CNCF2022Report,
  author  = {CNCF},
  title   = {CNCF 2022 Annual Survey},
  year    = {2022},
  url     = {https://www.cncf.io/reports/cncf-annual-survey-2022/},
  eventdate = {2024-04-10},
}

@online{StackOverflow2023Survey,
  author  = {StackOverflow},
  title   = {StackOverflow 2023 Survey},
  year    = {2023},
  url     = {https://survey.stackoverflow.co/2023/},
  eventdate = {2024-04-10},
}

% inproceedings
@article{Dahlmanns_2023,
  author = {Dahlmanns, Markus and Sander, Constantin and Decker, Robin and Wehrle, Klaus},
  title = {Secrets Revealed in Container Images: An Internet-Wide Study on Occurrence and Impact},
  year = {2023},
  isbn = {9798400700989},
  publisher = {Association for Computing Machinery},
  address = {New York, NY, USA},
  url = {https://doi.org/10.1145/3579856.3590329},
  doi = {10.1145/3579856.3590329},
  booktitle = {Proceedings of the 2023 ACM Asia Conference on Computer and Communications Security},
  pages = {797-811},
  numpages = {15},
  keywords = {secret leakage, network security, container, security configuration},
  location = {Melbourne, VIC, Australia},
  series = {ASIA CCS '23}
}

@online{ChainGuardImages,
  author  = {ChainGuard},
  title   = {ChainGuard Images},
  year    = {2023},
  url     = {https://images.chainguard.dev/},
  note    = "[Online; accessed 16-Dec-2023]",
  eventdate = {2023-12-16},
}

@online{DockerScout,
  author  = {Docker},
  title   = {Docker Scout},
  year    = {2023},
  url     = {https://docs.docker.com/scout/},
  note    = "[Online; accessed 16-Dec-2023]",
  eventdate = {2023-12-16},
}

@online{QuayRegistry,
  author  = {Redhat},
  year    = {2023},
  url     = {https://quay.io/},
  note    = "[Online; accessed 16-Dec-2023]",
  eventdate = {2023-12-16},
}

@article{WONG2023103140,
  title = {On the Security of Containers: Threat Modeling, Attack Analysis, and Mitigation Strategies},
  journal = {Computers \& Security},
  volume = {128},
  pages = {103140},
  year = {2023},
  issn = {0167-4048},
  doi = {https://doi.org/10.1016/j.cose.2023.103140},
  url = {https://www.sciencedirect.com/science/article/pii/S0167404823000500},
  author = {Ann Yi Wong and Eyasu Getahun Chekole and Martín Ochoa and Jianying Zhou},
}

@online{DagdaGithub,
  author  = {Elías Grande},
  title   = {Dagda Github},
  year    = {2023},
  url     = {https://github.com/eliasgranderubio/dagda},
  note    = "[Online; accessed 16-Dec-2023]",
  eventdate = {2023-12-16},
}

@online{TechbeaconDockersecurity,
  author  = {Bill Doerrfeld},
  title   = {10+ top open-source tools for Docker security},
  year    = {2023},
  url     = {https://techbeacon.com/security/10-top-open-source-tools-docker-security},
  note    = "[Online; accessed 16-Dec-2023]",
  eventdate = {2023-12-16},
}

@online{5opensourcetools,
  author  = {Sathyajith Bhat},
  title   = {5 open source tools for container security},
  year    = {2023},
  url     = {https://opensource.com/article/18/8/tools-container-security},
  note    = "[Online; accessed 16-Dec-2023]",
  eventdate = {2023-12-16},
}

@online{geekflare11Container,
  author  = {Avi},
  title   = {11 Container Security Scanners to find Vulnerabilities},
  year    = {2023},
  url     = {https://geekflare.com/container-security-scanners/},
  note    = "[Online; accessed 16-Dec-2023]",
  eventdate = {2023-12-16},
}

@article{haque2020challenges,
  author = {Haque, Mubin Ul and Iwaya, Leonardo Horn and Babar, M. Ali},
  title = {Challenges in Docker Development: A Large-Scale Study Using Stack Overflow},
  year = {2020},
  isbn = {9781450375801},
  publisher = {Association for Computing Machinery},
  address = {New York, NY, USA},
  url = {https://doi.org/10.1145/3382494.3410693},
  doi = {10.1145/3382494.3410693},
  articleno = {7},
  numpages = {11},
  keywords = {software engineering, natural language processing, mining software repositories, Docker},
  location = {Bari, Italy},
  series = {ESEM '20}
}

@article{prado2022,
  author = {Mikkonen, T. and Pautasso, C. and Systä, K. and Taivalsaari, A.},
  title = {Cargo-cult containerization: a critical view of containers in modern software development},
  journal = {2022 IEEE International Conference on Service-Oriented System Engineering (SOSE)},
  year = {2022},
  doi = {10.1109/sose55356.2022.00017}
}

@online{arstechnicaBackdooredImages,
  author  = {Dan Goodin},
  title   = {Backdoored images downloaded 5 million times finally removed from Docker Hub},
  year    = {2018},
  url     = {https://arstechnica.com/information-technology/2018/06/backdoored-images-downloaded-5-million-times-finally-removed-from-docker-hub/},
  eventdate = {2024-04-09},
}

@online{CVSSMainPage,
  author  = {CVSS SIG},
  title   = {Common Vulnerability Scoring System SIG},
  year    = {2023},
  url     = {https://www.first.org/cvss/},
  note    = "[Online; accessed 16-Dec-2023]",
  eventdate = {2023-12-16},
}

@online{CVSSSpecification,
  author  = {CVSSv3.1},
  title   = {CVSS v3.1},
  % title   = {Common Vulnerability Scoring System v3.1: Specification Document},
  year    = {2023},
  url     = {https://www.first.org/cvss/v3.1/specification-document},
  note    = "[Online; accessed 16-Dec-2023]",
  eventdate = {2023-12-16},
}

@online{CVE-2019-5736,
  author   = {CVE-2019-5736},
  title   = {CVE-2019-5736},
  year    = {2019},
  url     = {https://cve.mitre.org/cgi-bin/cvename.cgi?name=CVE-2019-5736},
  note    = "[Online; accessed 16-Dec-2023]",
  eventdate = {2023-12-16},
}


@online{trendmicroVinfo,
  author  = {Trendmicro},
  title   = {Malicious Docker Hub Container Images Used for Cryptocurrency Mining},
  year    = {2020},
  url     = {https://www.trendmicro.com/vinfo/us/security/news/virtualization-and-cloud/malicious-docker-hub-container-images-cryptocurrency-mining},
  note    = "[Online; accessed 16-Dec-2023]",
  eventdate = {2023-12-16},
}

@online{masscanrepo,
  author  = {MassScan},
  title   = {MASSCAN},
  year    = {2021},
  url     = {https://github.com/robertdavidgraham/masscan},
  note    = "[Online; accessed 16-Dec-2023]",
  eventdate = {2023-12-16},
}

@article{sultan2019,
  author = {Sultan, S. and Ahmad, I. and Dimitriou, T.},
  title = {Container security: issues, challenges, and the road ahead},
  journal = {Ieee Access},
  year = {2019},
  volume = {7},
  pages = {52976-52996},
  doi = {10.1109/access.2019.2911732}
}

@misc{zhang2018comparative,
  title={A Comparative Study of Containers and Virtual Machines in Big Data Environment}, 
  author={Qi Zhang and Ling Liu and Calton Pu and Qiwei Dou and Liren Wu and Wei Zhou},
  year={2018},
  eprint={1807.01842},
  archivePrefix={arXiv},
  primaryClass={cs.DC}
}

@article{8125559,
  author={Khan, Asif},
  journal={IEEE Cloud Computing},
  title={Key Characteristics of a Container Orchestration Platform to Enable a Modern Application},
  year={2017},
  volume={4},
  number={5},
  pages={42-48},
  doi={10.1109/MCC.2017.4250933}
}

@online{RedhatTheStateofKubernetesSecurityin2023,
  author  = {Redhat},
  title   = {The State of Kubernetes Security in 2023},
  year    = {2023},
  url     = {https://www.redhat.com/rhdc/managed-files/cl-state-kubernetes-security-report-262667-202304-en.pdf},
  note    = "[Online; accessed 10-Apr-2024]",
  eventdate = {2024-04-09},
}
