@article {AB-SE, 
	journal = {Akademik Bilişim Konferansı}, 
	year = {2024},
	title = {"Docker İmajlarında Zafiyet Taraması ve Güvenlik İncelemesi},
	author = {Süleyman ERGEN and İrfan Kösesoy},
	author+an = "1=highlight",
}
